<record><leader>00000nas a2200000 i 4500</leader><controlfield tag="001">964091222</controlfield><controlfield tag="006">m     o  d        </controlfield><controlfield tag="007">cr |||||||||||</controlfield><controlfield tag="008">161123d19171919ncumr neo     0   a0eng  </controlfield><datafield ind1=" " ind2=" " tag="010"><subfield code="a">  2016271242</subfield></datafield><datafield ind1=" " ind2=" " tag="040"><subfield code="a">DLC</subfield><subfield code="b">eng</subfield><subfield code="e">rda</subfield><subfield code="c">DLC</subfield></datafield><datafield ind1="0" ind2=" " tag="022"><subfield code="a">2475-0964</subfield><subfield code="2">1</subfield></datafield><datafield ind1=" " ind2=" " tag="042"><subfield code="a">pcc</subfield><subfield code="a">nsdp</subfield></datafield><datafield ind1=" " ind2=" " tag="043"><subfield code="a">n-us-nc</subfield></datafield><datafield ind1="1" ind2="0" tag="050"><subfield code="a">ISSN RECORD</subfield></datafield><datafield ind1="1" ind2="0" tag="082"><subfield code="a">071</subfield><subfield code="2">23</subfield></datafield><datafield ind1="0" ind2=" " tag="130"><subfield code="a">Good news (Boomer, N.C.)</subfield></datafield><datafield ind1=" " ind2="0" tag="222"><subfield code="a">Good news</subfield><subfield code="b">(Boomer, N.C. Online)</subfield></datafield><datafield ind1="1" ind2="0" tag="245"><subfield code="a">Good news.</subfield></datafield><datafield ind1=" " ind2="1" tag="264"><subfield code="a">Boomer, North Carolina :</subfield><subfield code="b">James Larkin Pearson,</subfield><subfield code="c">1917-1919.</subfield></datafield><datafield ind1=" " ind2=" " tag="300"><subfield code="a">1 online resource</subfield></datafield><datafield ind1=" " ind2=" " tag="310"><subfield code="a">Monthly</subfield></datafield><datafield ind1=" " ind2=" " tag="336"><subfield code="a">text</subfield><subfield code="b">txt</subfield><subfield code="2">rdacontent</subfield></datafield><datafield ind1=" " ind2=" " tag="337"><subfield code="a">computer</subfield><subfield code="b">c</subfield><subfield code="2">rdamedia</subfield></datafield><datafield ind1=" " ind2=" " tag="338"><subfield code="a">online resource</subfield><subfield code="b">cr</subfield><subfield code="2">rdacarrier</subfield></datafield><datafield ind1="1" ind2=" " tag="362"><subfield code="a">Began with volume 8, number 2 (August 1917); ceased with volume 9, number 9 (July 1919).</subfield></datafield><datafield ind1=" " ind2=" " tag="588"><subfield code="a">Description based on: Volume 8, Number 2 (August 1917); title from masthead (Chroniclingamerica.loc.gov, viewed November 23, 2016).</subfield></datafield><datafield ind1=" " ind2=" " tag="588"><subfield code="a">Latest issue consulted: Volume 9, Number 9 (July 1919) (Chroniclingamerica.loc.gov, viewed November 23, 2016).</subfield></datafield><datafield ind1=" " ind2="0" tag="651"><subfield code="a">Boomer (N.C.)</subfield><subfield code="v">Newspapers.</subfield></datafield><datafield ind1=" " ind2="0" tag="651"><subfield code="a">Wilkes County (N.C.)</subfield><subfield code="v">Newspapers.</subfield></datafield><datafield ind1=" " ind2="7" tag="651"><subfield code="a">North Carolina</subfield><subfield code="z">Boomer.</subfield><subfield code="2">fast</subfield><subfield code="0">(OCoLC)fst01260855</subfield></datafield><datafield ind1=" " ind2="7" tag="651"><subfield code="a">North Carolina</subfield><subfield code="z">Wilkes County.</subfield><subfield code="2">fast</subfield><subfield code="0">(OCoLC)fst01208168</subfield></datafield><datafield ind1=" " ind2="7" tag="655"><subfield code="a">Newspapers.</subfield><subfield code="2">fast</subfield><subfield code="0">(OCoLC)fst01423814</subfield></datafield><datafield ind1=" " ind2=" " tag="752"><subfield code="a">United States</subfield><subfield code="b">North Carolina</subfield><subfield code="c">Wilkes</subfield><subfield code="d">Boomer.</subfield></datafield><datafield ind1="0" ind2="8" tag="776"><subfield code="i">Originally issued in print:</subfield><subfield code="t">Good news (Boomer, N.C.)</subfield><subfield code="x">2475-0956</subfield><subfield code="w">(DLC)  2016271242</subfield><subfield code="w">(OCoLC)24949064</subfield></datafield><datafield ind1="0" ind2="0" tag="780"><subfield code="t">Fool-killer (Moravian Falls, N.C.)</subfield><subfield code="x">2475-0948</subfield><subfield code="w">(DLC)  2016271241</subfield></datafield><datafield ind1="0" ind2="0" tag="785"><subfield code="t">Fool-killer (Boomer, N.C. : 1919)</subfield><subfield code="w">(DLC)  2016271243</subfield></datafield><datafield ind1="4" ind2="0" tag="856"><subfield code="u">http://chroniclingamerica.loc.gov/lccn/sn91068503/issues/</subfield></datafield></record>